@article {MR2823019,
    AUTHOR = {Ranicki, Andrew},
     TITLE = {Commentary on ``{O}n the parallelizability of the spheres'' by
              {R}. {B}ott and {J}. {M}ilnor and ``{O}n the nonexistence of
              elements of {H}opf invariant one'' by {J}. {F}. {A}dams
              [comment on the reprints of MR0102804; MR0097059]},
   JOURNAL = {Bull. Amer. Math. Soc. (N.S.)},
  FJOURNAL = {American Mathematical Society. Bulletin. New Series},
    VOLUME = {48},
      YEAR = {2011},
    NUMBER = {4},
     PAGES = {509--511},
      ISSN = {0273-0979},
   MRCLASS = {57R25 (17A35 55Q25 55R25 55R45)},
  MRNUMBER = {2823019},
MRREVIEWER = {R. M. Vogt},
       DOI = {10.1090/S0273-0979-2011-01345-3},
       URL = {http://dx.doi.org/10.1090/S0273-0979-2011-01345-3},
}

@article {MR0102804,
    AUTHOR = {Bott, R. and Milnor, J.},
     TITLE = {On the parallelizability of the spheres},
   JOURNAL = {Bull. Amer. Math. Soc.},
  FJOURNAL = {Bulletin of the American Mathematical Society},
    VOLUME = {64},
      YEAR = {1958},
     PAGES = {87--89},
      ISSN = {0002-9904},
   MRCLASS = {55.00},
  MRNUMBER = {0102804},
MRREVIEWER = {W. S. Massey},
       DOI = {10.1090/S0002-9904-1958-10166-4},
       URL = {http://dx.doi.org/10.1090/S0002-9904-1958-10166-4},
}

@article {MR0139178,
    AUTHOR = {Adams, J. F.},
     TITLE = {Vector fields on spheres},
   JOURNAL = {Ann. of Math. (2)},
  FJOURNAL = {Annals of Mathematics. Second Series},
    VOLUME = {75},
      YEAR = {1962},
     PAGES = {603--632},
      ISSN = {0003-486X},
   MRCLASS = {57.30},
  MRNUMBER = {0139178},
MRREVIEWER = {M. F. Atiyah},
       DOI = {10.2307/1970213},
       URL = {http://dx.doi.org/10.2307/1970213},
}		

@article {MR1860955,
    AUTHOR = {Nieto, J. A. and Alejo-Armenta, L. N.},
     TITLE = {Hurwitz theorem and parallelizable spheres from tensor
              analysis},
   JOURNAL = {Internat. J. Modern Phys. A},
  FJOURNAL = {International Journal of Modern Physics A. Particles and
              Fields. Gravitation. Cosmology},
    VOLUME = {16},
      YEAR = {2001},
    NUMBER = {25},
     PAGES = {4207--4222},
      ISSN = {0217-751X},
   MRCLASS = {53A45 (17A35 57R25)},
  MRNUMBER = {1860955},
MRREVIEWER = {Krzysztof Galicki},
       DOI = {10.1142/S0217751X01005213},
       URL = {http://dx.doi.org/10.1142/S0217751X01005213},
}

@article {MR1511678,
    AUTHOR = {Brouwer, L. E. J.},
     TITLE = {\"Uber {A}bbildung von {M}annigfaltigkeiten},
   JOURNAL = {Math. Ann.},
  FJOURNAL = {Mathematische Annalen},
    VOLUME = {71},
      YEAR = {1912},
    NUMBER = {4},
     PAGES = {598},
      ISSN = {0025-5831},
   MRCLASS = {DML},
  MRNUMBER = {1511678},
       DOI = {10.1007/BF01456812},
       URL = {http://dx.doi.org/10.1007/BF01456812},
}

@article {MR3075371,
    AUTHOR = {Kervaire, Michel A.},
     TITLE = {Non-parallelizability of the {$n$}-sphere for {$n>7$}},
   JOURNAL = {Proc. Natl. Acad. Sci. USA},
  FJOURNAL = {Proceedings of the National Academy of Sciences of the United
              States of America},
    VOLUME = {44},
      YEAR = {1958},
    NUMBER = {3},
     PAGES = {280--283},
      ISSN = {1091-6490},
   MRCLASS = {57R25 (55Q45 58A99 58B05)},
  MRNUMBER = {3075371},
       DOI = {10.1073/pnas.44.3.280},
       URL = {http://dx.doi.org/10.1073/pnas.44.3.280},
}

@incollection {MR1721115,
    AUTHOR = {Samelson, H.},
     TITLE = {{$\pi_3(S^2)$}, {H}. {H}opf, {W}. {K}. {C}lifford, {F}.
              {K}lein},
 BOOKTITLE = {History of topology},
     PAGES = {575--578},
 PUBLISHER = {North-Holland, Amsterdam},
      YEAR = {1999},
   MRCLASS = {55-03 (55Q25)},
  MRNUMBER = {1721115},
MRREVIEWER = {Donald M. Davis},
       DOI = {10.1016/B978-044482375-5/50021-3},
       URL = {http://dx.doi.org/10.1016/B978-044482375-5/50021-3},
}

@article {MR505523,
    AUTHOR = {Milnor, John},
     TITLE = {Analytic proofs of the ``hairy ball theorem''\ and the
              {B}rouwer fixed-point theorem},
   JOURNAL = {Amer. Math. Monthly},
  FJOURNAL = {The American Mathematical Monthly},
    VOLUME = {85},
      YEAR = {1978},
    NUMBER = {7},
     PAGES = {521--524},
      ISSN = {0002-9890},
   MRCLASS = {55M20 (57R25)},
  MRNUMBER = {505523},
MRREVIEWER = {J. C. Cantrell},
       DOI = {10.2307/2320860},
       URL = {http://dx.doi.org/10.2307/2320860},
}

@book {MR1415833,
    AUTHOR = {Ebbinghaus, H.-D. and Hermes, H. and Hirzebruch, F. and
              Koecher, M. and Mainzer, K. and Neukirch, J. and Prestel, A.
              and Remmert, R.},
     TITLE = {Numbers},
    SERIES = {Graduate Texts in Mathematics},
    VOLUME = {123},
 PUBLISHER = {Springer-Verlag, New York},
      YEAR = {1991},
     PAGES = {xviii+395},
      ISBN = {0-387-97497-0},
   MRCLASS = {00A05 (01A65 11-00 11-03)},
  MRNUMBER = {1415833},
       DOI = {10.1007/978-1-4612-1005-4},
       URL = {http://dx.doi.org/10.1007/978-1-4612-1005-4},
}

@article {MR0102805,
    AUTHOR = {Milnor, John},
     TITLE = {Some consequences of a theorem of {B}ott},
   JOURNAL = {Ann. of Math. (2)},
  FJOURNAL = {Annals of Mathematics. Second Series},
    VOLUME = {68},
      YEAR = {1958},
     PAGES = {444--449},
      ISSN = {0003-486X},
   MRCLASS = {55.00},
  MRNUMBER = {0102805},
MRREVIEWER = {W. S. Massey},
       DOI = {10.2307/1970255},
       URL = {http://dx.doi.org/10.2307/1970255},
}

@book {MR0440554,
    AUTHOR = {Milnor, John W. and Stasheff, James D.},
     TITLE = {Characteristic classes},
      NOTE = {Annals of Mathematics Studies, No. 76},
 PUBLISHER = {Princeton University Press, Princeton, N. J.; University of
              Tokyo Press, Tokyo},
      YEAR = {1974},
     PAGES = {vii+331},
   MRCLASS = {57-01 (55-02 55F40 57D20)},
  MRNUMBER = {0440554},
MRREVIEWER = {F. Hirzebruch},
}

@article {MR0141119,
    AUTHOR = {Adams, J. F.},
     TITLE = {On the non-existence of elements of {H}opf invariant one},
   JOURNAL = {Ann. of Math. (2)},
  FJOURNAL = {Annals of Mathematics. Second Series},
    VOLUME = {72},
      YEAR = {1960},
     PAGES = {20--104},
      ISSN = {0003-486X},
   MRCLASS = {55.40},
  MRNUMBER = {0141119},
MRREVIEWER = {M. A. Kervaire},
       DOI = {10.2307/1970147},
       URL = {http://dx.doi.org/10.2307/1970147},
}

@article{cohen1998topology,
  title={The Topology of Fiber Bundles Lecture Notes},
  author={Cohen, Ralph L}
}

@article{burger2016riemannian,
  title={RIEMANNIAN GEOMETRY},
  author={BURGER, MARC and TORNIER, STEPHAN},
  year={2016}
}

@article {MR1512316,
    AUTHOR = {Hopf, Heinz},
     TITLE = {Vektorfelder in {$n$}-dimensionalen {M}annigfaltigkeiten},
   JOURNAL = {Math. Ann.},
  FJOURNAL = {Mathematische Annalen},
    VOLUME = {96},
      YEAR = {1927},
    NUMBER = {1},
     PAGES = {225--249},
      ISSN = {0025-5831},
   MRCLASS = {DML},
  MRNUMBER = {1512316},
       DOI = {10.1007/BF01209164},
       URL = {http://dx.doi.org/10.1007/BF01209164},
}

@article {MR0004785,
    AUTHOR = {Hopf, Heinz},
     TITLE = {Ein topologischer {B}eitrag zur reellen {A}lgebra},
   JOURNAL = {Comment. Math. Helv.},
  FJOURNAL = {Commentarii Mathematici Helvetici},
    VOLUME = {13},
      YEAR = {1941},
     PAGES = {219--239},
      ISSN = {0010-2571},
   MRCLASS = {56.0X},
  MRNUMBER = {0004785},
MRREVIEWER = {A. Weil},
       DOI = {10.1007/BF01378062},
       URL = {http://dx.doi.org/10.1007/BF01378062},
}

@article{Hopf1935,
author = {Hopf, Heinz},
journal = {Fundamenta Mathematicae},
keywords = {Topology},
language = {ger},
number = {1},
pages = {427-440},
title = {Über die Abbildungen von Sphären auf Sphäre niedrigerer Dimension},
url = {http://eudml.org/doc/212801},
volume = {25},
year = {1935},
}

@book{andrews,
title={Differential Geometry},
author={Andrews, Ben}
}

@book{hitchin_2012,
place={Oxford},
title={Differentiable Manifolds},
author={Hitchin, Nigel},
year={2012}
}

@article{cayley1845xiii,
  title={XIII. On certain results relating to quaternions: To the editors of the Philosophical Magazine and Journal},
  author={Cayley, Arthur},
  journal={Philosophical Magazine Series 3},
  volume={26},
  number={171},
  pages={141--145},
  year={1845},
  publisher={Taylor \& Francis}
}

@book {MR2954043,
    AUTHOR = {Lee, John M.},
     TITLE = {Introduction to smooth manifolds},
    SERIES = {Graduate Texts in Mathematics},
    VOLUME = {218},
   EDITION = {Second},
 PUBLISHER = {Springer, New York},
      YEAR = {2013},
     PAGES = {xvi+708},
      ISBN = {978-1-4419-9981-8},
   MRCLASS = {58-01 (53-01 57-01)},
  MRNUMBER = {2954043},
}

@book {MR2766102,
    AUTHOR = {Lee, John M.},
     TITLE = {Introduction to topological manifolds},
    SERIES = {Graduate Texts in Mathematics},
    VOLUME = {202},
   EDITION = {Second},
 PUBLISHER = {Springer, New York},
      YEAR = {2011},
     PAGES = {xviii+433},
      ISBN = {978-1-4419-7939-1},
   MRCLASS = {57-01 (54-01 55-01)},
  MRNUMBER = {2766102},
       DOI = {10.1007/978-1-4419-7940-7},
       URL = {http://dx.doi.org/10.1007/978-1-4419-7940-7},
}

@article {MR0090812,
    AUTHOR = {James, I. M.},
     TITLE = {Multiplication on spheres. {II}},
   JOURNAL = {Trans. Amer. Math. Soc.},
  FJOURNAL = {Transactions of the American Mathematical Society},
    VOLUME = {84},
      YEAR = {1957},
     PAGES = {545--558},
      ISSN = {0002-9947},
   MRCLASS = {55.0X},
  MRNUMBER = {0090812},
MRREVIEWER = {R. Bott},
       DOI = {10.2307/1992830},
       URL = {http://dx.doi.org/10.2307/1992830},
}

@article {MR0083726,
    AUTHOR = {James, I. M.},
     TITLE = {Multiplication on spheres. {I}},
   JOURNAL = {Proc. Amer. Math. Soc.},
  FJOURNAL = {Proceedings of the American Mathematical Society},
    VOLUME = {8},
      YEAR = {1957},
     PAGES = {192--196},
      ISSN = {0002-9939},
   MRCLASS = {55.0X},
  MRNUMBER = {0083726},
MRREVIEWER = {R. Bott},
       DOI = {10.2307/2032838},
       URL = {http://dx.doi.org/10.2307/2032838},
}

@article{Hurwitz1898,
author = {Hurwitz, A.},
journal = {Nachrichten von der Gesellschaft der Wissenschaften zu Göttingen, Mathematisch-Physikalische Klasse},
keywords = {quadratic forms; composition formulas for quadratic forms},
pages = {309-316},
title = {Ueber die Composition der quadratischen Formen von belibig vielen Variablen},
url = {http://eudml.org/doc/58420},
volume = {1898},
year = {1898},
}

@article{Hurwitz1923,
author = {Hurwitz, A.},
journal = {Mathematische Annalen},
keywords = {composition formula},
language = {ger},
pages = {1-25},
title = {Über die Komposition der quadratischen Formen.},
url = {http://eudml.org/doc/158975},
volume = {88},
year = {1923},
}

@book {MR2431402,
    AUTHOR = {Stillwell, John},
     TITLE = {Naive {L}ie theory},
    SERIES = {Undergraduate Texts in Mathematics},
 PUBLISHER = {Springer, New York},
      YEAR = {2008},
     PAGES = {xiv+217},
      ISBN = {978-0-387-78214-0},
   MRCLASS = {22E47 (22-01)},
  MRNUMBER = {2431402},
MRREVIEWER = {William M. McGovern},
       DOI = {10.1007/978-0-387-78214-0},
       URL = {http://dx.doi.org/10.1007/978-0-387-78214-0},
}

@article{hamilton1844ii,
  title={Ii. on quaternions; or on a new system of imaginaries in algebra},
  author={Hamilton, William Rowan},
  journal={Philosophical Magazine Series 3},
  volume={25},
  number={163},
  pages={10--13},
  year={1844},
  publisher={Taylor \& Francis}
}

@article {MR1512691,
    AUTHOR = {Hopf, Heinz},
     TITLE = {\"Uber die {A}bbildungen der dreidimensionalen {S}ph\"are auf die
              {K}ugelfl\"ache},
   JOURNAL = {Math. Ann.},
  FJOURNAL = {Mathematische Annalen},
    VOLUME = {104},
      YEAR = {1931},
    NUMBER = {1},
     PAGES = {637--665},
      ISSN = {0025-5831},
   MRCLASS = {DML},
  MRNUMBER = {1512691},
       DOI = {10.1007/BF01457962},
       URL = {http://dx.doi.org/10.1007/BF01457962},
}

@article{wrightPoincare,
  title={The Poincare-Hopf Theorem},
  author={Wright, Alex and Dixon, Kael},
  year={2008}
}

@book{BurnsGidea,
	title = {Differential Geometry and Topology: With a View to Dynamical Systems},
    author = {Keith Burns, Marian Gidea},
	year = {2005},
	publisher = {Chapman and Hall}
}

@book{guillemin2010differential,
  title={Differential topology},
  author={Guillemin, Victor and Pollack, Alan},
  volume={370},
  year={2010},
  publisher={American Mathematical Soc.}
}

@inproceedings{atiyah1961bott,
  title={Bott periodicity and the parallelizability of the spheres},
  author={Atiyah, MF and Hirzebruch, Friedrich},
  booktitle={Mathematical Proceedings of the Cambridge Philosophical Society},
  volume={57},
  number={2},
  pages={223--226},
  year={1961},
  organization={Cambridge University Press}
}

@book{wirthmuller_2012,
title={Vector bundles and K-theory},
author={Wirthm\"{u}ller, Klaus},
year={2012}
}

@article{whitehead1940c1,
  title={On C1-complexes},
  author={Whitehead, John Henry C},
  journal={Annals of Mathematics},
  pages={809--824},
  year={1940},
  publisher={JSTOR}
}